<record><leader>00000cas a22000007a 4500</leader><controlfield tag="001">14393092</controlfield><controlfield tag="008">861014d19381939txudn ne      0    0eng d</controlfield><datafield ind1=" " ind2=" " tag="010"><subfield code="a">sn 86089962 </subfield></datafield><datafield ind1=" " ind2=" " tag="040"><subfield code="a">PPM</subfield><subfield code="b">eng</subfield><subfield code="c">PPM</subfield><subfield code="d">OCLCQ</subfield></datafield><datafield ind1=" " ind2=" " tag="042"><subfield code="a">msc</subfield></datafield><datafield ind1="0" ind2=" " tag="130"><subfield code="a">Daily news-tribune (Goose Creek, Tex. : 1938)</subfield></datafield><datafield ind1="1" ind2="0" tag="245"><subfield code="a">Daily news-tribune.</subfield></datafield><datafield ind1=" " ind2=" " tag="260"><subfield code="a">Goose Creek, Tex. :</subfield><subfield code="b">Clifford M. Bond,</subfield><subfield code="c">1938-1939.</subfield></datafield><datafield ind1=" " ind2=" " tag="300"><subfield code="a">1 v. :</subfield><subfield code="b">ill. ;</subfield><subfield code="c">56 cm.</subfield></datafield><datafield ind1=" " ind2=" " tag="310"><subfield code="a">Daily (except Sun. and Mon.)</subfield></datafield><datafield ind1="0" ind2=" " tag="362"><subfield code="a">Vol. 1, no. 1 (Sept. 1, 1938)-v. 1, no. 238 (Aug. 12, 1939).</subfield></datafield><datafield ind1=" " ind2=" " tag="752"><subfield code="a">United States</subfield><subfield code="b">Texas</subfield><subfield code="c">Harris</subfield><subfield code="d">Goose Creek.</subfield></datafield><datafield ind1="0" ind2="0" tag="780"><subfield code="t">East Harris County news-tribune</subfield></datafield></record>